%%%%%%%%%%%%%%%%%%%%%%%%%%%%%%%%
%%%%%%%%%%Papers%%%%%%%%%%%%%%%%
%%%%%%%%%%%%%%%%%%%%%%%%%%%%%%%%

@ARTICLE{DodelsonSchneider13,
   author = {{Dodelson}, S. and {Schneider}, M.~D.},
    title = "{The effect of covariance estimator error on cosmological parameter constraints}",
  journal = {\prd},
archivePrefix = "arXiv",
   eprint = {1304.2593},
 primaryClass = "astro-ph.CO",
 keywords = {Cosmology, Dark energy, Superclusters, large-scale structure of the Universe},
     year = 2013,
    month = sep,
   volume = 88,
   number = 6,
      eid = {063537},
    pages = {063537},
      doi = {10.1103/PhysRevD.88.063537},
   adsurl = {http://adsabs.harvard.edu/abs/2013PhRvD..88f3537D},
  adsnote = {Provided by the SAO/NASA Astrophysics Data System}
}

@ARTICLE{PNLensing,
   author = {{Vanderveld}, R.~A. and {Caldwell}, R.~R. and {Rhodes}, J.},
    title = "{Second-order weak lensing from modified gravity}",
  journal = {\prd},
archivePrefix = "arXiv",
   eprint = {1109.3189},
 keywords = {Cosmology, Approximation methods, equations of motion, Modified theories of gravity},
     year = 2011,
    month = dec,
   volume = 84,
   number = 12,
      eid = {123510},
    pages = {123510},
      doi = {10.1103/PhysRevD.84.123510},
   adsurl = {http://adsabs.harvard.edu/abs/2011PhRvD..84l3510V},
  adsnote = {Provided by the SAO/NASA Astrophysics Data System}
}

%%%%%%%%%%%
%%%Books%%%
%%%%%%%%%%%

@incollection{Dodelson-C11,
title = "10 - Weak lensing and polarization ",
editor = "Dodelson, Scott ",
booktitle = "Modern Cosmology ",
publisher = "Academic Press",
edition = "",
address = "Burlington",
year = "2003",
pages = "292 - III",
isbn = "978-0-12-219141-1",
doi = "http://dx.doi.org/10.1016/B978-012219141-1/50029-2",
url = "http://www.sciencedirect.com/science/article/pii/B9780122191411500292",
author = "Scott Dodelson"
}

%%%%%%%%%%%
%%Codes%%%%
%%%%%%%%%%%

@ARTICLE{lenstools,
author = {{Petri}, A.},
title = "{Mocking the weak lensing universe: The LensTools Python computing package}",
journal = {Astronomy and Computing},
archivePrefix = "arXiv",
eprint = {1606.01903},
keywords = {Weak Gravitational Lensing, Simulations},
year = 2016,
month = oct,
volume = 17,
pages = {73-79},
doi = {10.1016/j.ascom.2016.06.001},
adsurl = {http://adsabs.harvard.edu/abs/2016A%26C....17...73P},
adsnote = {Provided by the SAO/NASA Astrophysics Data System}
}